@article{sga4,
  title= "Theorie des topos et cohomologie etale des schemas",
  author= "Michael Artin and Alexander Grothendieck and Jean-Louis Verdier",
  journal= "Springer Lecture Notes in Math",
  number= "305"
}

@article{lascar-semigroup,
  title={Le demi-groupe des endomorphismes dâ€™une structure $\aleph_0$-cat{\'e}gorique},
  author={Lascar, Daniel},
  journal={Actes de la Journ{\'e}e Algebre Ordonn{\'e}e (Le Mans, 1987)},
  pages={33--43},
  year={1989}
}


@book{maclane-cwm,
    author    = "Saunders Mac Lane",
    title     = "Categories for the working mathematician, 2nd ed.",
    year      = "1998",
    publisher = "Springer-Verlag",
    address   = ""
}

@book{bell-slomson-model-theory,
  title={Models and Ultraproducts: An Introduction},
  author={Bell, J.L. and Slomson, A.B.},
  isbn={9780486449791},
  lccn={78087273},
  series={Dover Books on Mathematics Series},
  year={2006},
  publisher={Dover Publications}
}

@article{ahlbrandt-ziegler,
    author =       "Gisela Ahlbrandt and Martin Ziegler",
    title =        "Quasi-finitely axiomatizable totally categorical theories",
    journal =      "Annals of Pure and Applied Logic",
    volume = "30(1)",
    pages = "63-82",
    year =         "1986",
}

@book{maclane-moerdijk,
    author    = "Saunders Mac Lane and Ieke Moerdijk",
    title     = "Sheaves in geometry and logic",
    year      = "1992",
    publisher = "Springer-Verlag",
    address   = ""
}

@book{marker-model-theory,
    author    = "Dave Marker",
    title     = "Model theory: an introduction",
    year      = "2002",
    publisher = "Springer-Verlag",
    address   = ""
}

@book{borceux-handbook,
    author    = "Francis Borceux",
    title     = "Handbook of Categorical Algebra",
    year      = "1994",
    publisher = "Cambridge University Press",
    address   = ""
}

@book{johnstone-topos-theory,
    author    = "Peter Johnstone",
    title     = "Topos theory",
    year      = "1977",
    publisher = "Academic Press",
    address   = ""
}

@book{johnstone-elephant,
    author    = "Peter Johnstone",
    title     = "Sketches of an Elephant: A Topos Theory Compendium",
    year      = "2002",
    publisher = "Oxford Logic Guides",
    address   = ""
}

@book{makkai-reyes,
    author    = "Michael Makkai and Gonzalo Reyes",
    title     = "First-order categorical logic",
    year      = "1977",
    publisher = "Springer-Verlag",
    address   = ""
}

@article{kamensky-categorical-internality,
    author =       "Moshe Kamensky",
    title =        "A categorical approach to internality",
    journal =      "Models, Logics and Higher dimensional categories. A tribute to the work of Mihaly Makkai",
    year =         "2009",
}

@article{makkai-sdfol,
    author =       "Michael Makkai",
    title =        "Stone duality for first-order logic",
    journal =      "Annals of Pure and Applied Logic",
    volume =       "40",
    pages =        "167-215",
    year =         "1988",
    DOI =          "http://dx.doi.org/10.1016/0001-8708(87)90020-X"
}

@article{evanshewitt,
    author =       "David Evans and Paul R. Hewitt",
    title =        "Counterexamples to a conjecture on relative categoricity",
    journal =      "Annals of Pure and Applied Logic",
    volume =       "46",
    pages =        "201-209",
    year =         "1990"
}

@article{lascarcats,
author =      "Daniel Lascar",
    title =        "On the category of models of a complete theory",
    journal =      "The Journal of Symbolic Logic",
    volume =       "47",
    number = "2",
    pages =        "249-266",
    year =         "1982"
}

@article{bekp,
 author = "Manuel Bodirsky and David Evans and Michael Kompatscher and Michael Pinsker",
 title = "A counterexample to the reconstruction of $\omega$-categorical structures from their endomorphism monoids",
 journal = "Israel J. Math",
 year = "2015"
}

@book{makkai-dadifol,
    author    = "Michael Makkai",
    title     = "Duality and definability in first-order logic",
    year      = "1993",
    publisher = "Memoirs of the AMS",
    address   = ""
}

@book{kashiwaraschapira,
author = "Masaki Kashiwara and Pierre Schapira",
title = "Categories and Sheaves",
year = "2006",
publisher = "Springer-Verlag"
}

@article{lascarpetit,
    author =       "Daniel Lascar",
    title =        "Autour de la propri\'et\'e du petit indice",
    journal =      "Proc. London Math. Soc.",
    volume =       "62",
    number = "3",
    pages =        "25-53",
    year =         "1991",
}

@article{hodgesetal,
    author =       "Wilfrid Hodges and Ian Hodkinson and Daniel Lascar and Saharon Shelah",
    title =        "The small index property for $\omega$-stable $\omega$-categorical structures and for the random graph",
    journal =      "Jour. of the London Math. Soc.",
    volume =       "48",
    pages =        "204-218",
    year =         "1993",
}

@article{makkaifull,
    author =       "Michael Makkai",
    title =        "Full continuous embeddings of toposes",
    journal =      "Trans. of the AMS",
    volume =       "269",
    pages =        "167-196",
    year =         "1982",
}

@book{topostheory,
author = "Peter T. Johnstone",
title = "Topos theory",
year = 1977,
publisher = "Academic Press",
}

@book{bourbaki-topology,
author = "Nicolas Bourbaki",
title = "Elements of Mathematics: General Topology",
year = 1966,
publisher = "Addison-Wesley",
}

@article{b-y-b-h-u-model-theory-for-metric-structures,
author = "Itai Ben Yaacov and Alexander Berenstein and C. Ward Henson and Alexander Usvyatsov",
title = "Model theory for metric structures",
journal = "Model theory with applications to algebra and analysis",
volume = "2",
pages = "315-247",
year = 2008,
publisher = "Cambridge University Press",
}

@book{wagner-simple-theories,
author = "Frank Olaf Wagner",
title = "Simple theories",
year = 2000,
publisher = "Kluwer Academic Publishers",
}